@misc{wiki_scalefactor,
   author = "Wikipedia",
   title = "Scale factor (cosmology) --- Wikipedia{,} The Free Encyclopedia",
   year = "2015",
   howpublished = "\url{http://en.wikipedia.org/w/index.php?title=Scale_factor_(cosmology)&oldid=642845167}",
   note = "[Online; accessed 11-February-2015]"
 }

 @misc{scipy,
  author =    {Eric Jones and Travis Oliphant and Pearu Peterson and others},
  title =     {{SciPy}: Open source scientific tools for {Python}},
  year =      {2001--},
  howpublished = "\url{http://www.scipy.org/}"
}
@misc{carroll,
    author = "Sean Carroll",
    title = "Lecture Notes on General Relativity",
    howpublished = "\url{http://preposterousuniverse.com/grnotes/}"
}

@misc{ROOT,
    author = {Rene Brun and Fons Rademakers},
    title = {{ROOT} - An Object Oriented Data Analysis Framework},
    booktitle = {Proceedings AIHENP'96 Workshop, Lausanne, Sep. 1996, Nucl. Inst. \& Meth. in Phys. Res. A 389 (1997) 81-86},
    howpublished = "\url{http://root.cern.ch/}"
}
