@BOOK {Dodelson,
    author    = "Dodelson S.",
    title     = "Modern Cosmology",
    publisher = "Academic Press",
    year      = "2003",
    address   = "San Diego, CA"
}
@ARTICLE {Bernstein,
    author  = "Bernstein, J. and Brown, L.S. and Feinberg, G.",
    title   = "Cosmological Helium Production Simplified",
    journal = "Reviews of Modern Physics",
    year    = "1989",
    volume  = "61",
    number  = "1",
    pages   = "25-39",
    month   = "January"
}
@misc{ wiki:BBN,
   author = "Wikipedia",
   title = "Big Bang nucleosynthesis --- Wikipedia{,} The Free Encyclopedia",
   year = "2015",
   url = "http://en.wikipedia.org/w/index.php?title=Big_Bang_nucleosynthesis&oldid=650232111",
   note = "[Online; accessed 6-March-2015]"
 }
 @MISC {NIU,
    author       = "Terzic B.",
    title        = "{NIU} Astrophysics Lecture Notes",
    note         = "\url{http://nicadd.niu.edu/~bterzic/PHYS652/index.htm}"
}