@BOOK {Dodelson,
    author    = "Dodelson, S.",
    title     = "Modern Cosmology",
    publisher = "Academic Press",
    year      = "2003",
    address   = "San Diego, CA"
}
@misc{wiki:particlehorizon,
   author = "Wikipedia",
   title = "Particle horizon --- Wikipedia{,} The Free Encyclopedia",
   year = "2015",
   url = "http://en.wikipedia.org/w/index.php?title=Particle_horizon&oldid=642844837",
   note = ""
 }
 @misc{wiki:cosmologicalprinciple,
   author = "Wikipedia",
   title = "Cosmological principle --- Wikipedia{,} The Free Encyclopedia",
   year = "2015",
   url = "http://en.wikipedia.org/w/index.php?title=Cosmological_principle&oldid=644045234"
 }
 @misc{wiki:recombination,
   author = "Wikipedia",
   title = "Recombination (cosmology) --- Wikipedia{,} The Free Encyclopedia",
   year = "2015",
   url = "http://en.wikipedia.org/w/index.php?title=Recombination_(cosmology)&oldid=651473842"
 }
 @article{guth1981,
  title = {Inflationary universe: A possible solution to the horizon and flatness problems},
  author = {Guth, Alan H.},
  journal = {Phys. Rev. D},
  volume = {23},
  issue = {2},
  pages = {347--356},
  numpages = {0},
  year = {1981},
  month = {Jan},
  publisher = {American Physical Society},
  doi = {10.1103/PhysRevD.23.347},
  url = {http://link.aps.org/doi/10.1103/PhysRevD.23.347}
}
Full author list of WMAP paper: D. N. Spergeland R. Bean and O. Dor√© and M. R. Nolta and C. L. Bennett and J. Dunkley and G. Hinshaw and N. Jarosik and E.
Komatsu and L. Page and H. V. Peiris and L. Verde and M. Halpern and R. S. Hill and A. Kogut and M. Limon and S. S. Meyer and N.
Odegard and G. S. Tucker and J. L. Weiland and E. Wollack and E. L. Wright
@article{WMAP,
  author={D. N. Spergel et. al.},
  title={Three-Year Wilkinson Microwave Anisotropy Probe (WMAP) Observations: Implications for Cosmology},
  journal={The Astrophysical Journal Supplement Series},
  volume={170},
  number={2},
  pages={377},
  url={http://stacks.iop.org/0067-0049/170/i=2/a=377},
  year={2007},
}
@misc{ wiki:flatness,
   author = "Wikipedia",
   title = "Flatness problem --- Wikipedia{,} The Free Encyclopedia",
   year = "2015",
   url = "http://en.wikipedia.org/w/index.php?title=Flatness_problem&oldid=652735921",
 }
 @MASTERSTHESIS {masters,
    author = "Brawer, Roberta",
    title  = "Inflationary Cosmology and the Horizon and Flatness Problems: The Mutual Constitution of Explanation and Questions",
    school = "Massachusetts Institute of Technology",
    year   = "1996",
    month  = "feb"
}
@article{preskill,
  title = {Cosmological Production of Superheavy Magnetic Monopoles},
  author = {Preskill, John P.},
  journal = {Phys. Rev. Lett.},
  volume = {43},
  issue = {19},
  pages = {1365--1368},
  numpages = {0},
  year = {1979},
  month = {Nov},
  publisher = {American Physical Society},
  doi = {10.1103/PhysRevLett.43.1365},
  url = {http://link.aps.org/doi/10.1103/PhysRevLett.43.1365}
}
@article{riess,
  author={Adam G. Riess et. al.},
  title={Observational Evidence from Supernovae for an Accelerating Universe and a Cosmological Constant},
  journal={The Astronomical Journal},
  volume={116},
  number={3},
  pages={1009},
  url={http://stacks.iop.org/1538-3881/116/i=3/a=1009},
  year={1998},
}
@misc{wiki:inflation,
   author = "Wikipedia",
   title = "Inflation (cosmology) --- Wikipedia{,} The Free Encyclopedia",
   year = "2015",
   url = "http://en.wikipedia.org/w/index.php?title=Inflation_(cosmology)&oldid=648068777",
 }