@BOOK {BertoneBook,
    author    = "Gianfranco Bertone",
    title     = "Particle Dark Matter: Observations, Models, and Searches",
    publisher = "Cambridge Univ. Press",
    year      = "2010"
}
@article{cmsMonojet,
year={2012},
journal={Journal of High Energy Physics},
eid={94},
volume={2012},
number={9},
doi={10.1007/JHEP09(2012)094},
title={Search for dark matter and large extra dimensions in monojet events in pp collisions at  $\sqrt {s} = 7\;\mathrm{TeV}$},
url={http://dx.doi.org/10.1007/JHEP09%282012%29094},
publisher={Springer-Verlag},
keywords={Hadron-Hadron Scattering},
author={CMS Collaboration},
language={English}
}

@article{cmsGammaPlusMET,
  title = {Search for Dark Matter and Large Extra Dimensions in $pp$ Collisions Yielding a Photon and Missing Transverse Energy},
  author = {CMS Collaboration},
  journal = {Phys. Rev. Lett.},
  volume = {108},
  issue = {26},
  pages = {261803},
  numpages = {16},
  year = {2012},
  month = {Jun},
  publisher = {American Physical Society},
  doi = {10.1103/PhysRevLett.108.261803},
  url = {http://link.aps.org/doi/10.1103/PhysRevLett.108.261803}
}

@article{Buckley2011216,
title = "Particle physics implications for $\mathrm{CoGeNT, DAMA, and\;Fermi}$",
journal = "Physics Letters B ",
volume = "702",
number = "4",
pages = "216 - 219",
year = "2011",
note = "",
issn = "0370-2693",
doi = "http://dx.doi.org/10.1016/j.physletb.2011.06.090",
url = "http://www.sciencedirect.com/science/article/pii/S0370269311007568",
author = "Matthew R. Buckley and Dan Hooper and Tim M.P. Tait",
keywords = "Dark matter",
keywords = "Direct detection",
keywords = "CoGeNT",
keywords = "DAMA/LIBRA",
keywords = "Fermi Gamma-Ray Space Telescope "
}

@article{BertoneArticle,
title = "Particle dark matter: evidence, candidates and constraints ",
journal = "Physics Reports ",
volume = "405",
number = "5–6",
pages = "279 - 390",
year = "2005",
note = "",
issn = "0370-1573",
doi = "http://dx.doi.org/10.1016/j.physrep.2004.08.031",
url = "http://www.sciencedirect.com/science/article/pii/S0370157304003515",
author = "Gianfranco Bertone and Dan Hooper and Joseph Silk"
}

@article{PhysRevD.33.3495,
  title = {Detecting cold dark-matter candidates},
  author = {Drukier, Andrzej K. and Freese, Katherine and Spergel, David N.},
  journal = {Phys. Rev. D},
  volume = {33},
  issue = {12},
  pages = {3495--3508},
  numpages = {0},
  year = {1986},
  month = {Jun},
  publisher = {American Physical Society},
  doi = {10.1103/PhysRevD.33.3495},
  url = {http://link.aps.org/doi/10.1103/PhysRevD.33.3495}
}
@article{DAMA,
    author = {{Bernabei, R.} and {Belli, P.} and {Cappella, F.} and {Caracciolo, V.} and {Castellano, S.} and {Cerulli, R.} and {Dai, C. J.} and {d’Angelo, A.} and {d’Angelo, S.} and {Di Marco, A.} and {He, H. L.} and {Incicchitti, A.} and {Kuang, H. H.} and {Ma, X. H.} and {Montecchia, F.} and {Prosperi, D.} and {Sheng, X. D.} and {Wang, R. G.} and {Ye, Z. P.}},
    title = {Final model independent result of $\mathrm{DAMA/LIBRA\;phase1}$},
    DOI= "10.1140/epjc/s10052-013-2648-7",
    url= "http://dx.doi.org/10.1140/epjc/s10052-013-2648-7",
    journal = {Eur. Phys. J. C},
    year = 2013,
    volume = 73,
    number = 12,
    pages = "2648",
    month = "",
}
@misc{review1,
    author = {Arneodo, F.},
    title = {Dark Matter Searches},
    archivePrefix = "arXiv",
    eprint = {astro-ph/1301.0441},
    primaryClass = "astro-ph",
    note = {}
}
@misc{review2,
    author = {Profumo, S.},
    title = {TASI 2012 Lectures on Astrophysical Probes of Dark Matter},
    archivePrefix = "arXiv",
    eprint = {hep-ph/1301.0952},
    primaryClass = "hep-ph",
    note = {}
}
@misc{review3,
    author = {Mitsou, V.A.},
    title = {Overview of searches for dark matter at the LHC},
    archivePrefix = "arXiv",
    eprint = {hep-ex/1402.3673},
    primaryClass = "hep-ex",
    note = {}
}
@misc{TASIOlive,
    author = {Olive, Keith A.},
    title = {{TASI} {L}ectures on {D}ark {M}atter},
    archivePrefix = "arXiv",
    eprint = {astro-ph/0301505},
    primaryClass = "astro-ph",
    note = {arXiv astro-ph/0301505}
}
@MISC {encyclo,
    title        = "{WIMP}s and {MACHO}s. {E}ncyclopedia of {A}stronomy {A}nd {A}strophysics",
    howpublished = "Online",
    year         = "2002",
    note         = "\url{http://www.astro.caltech.edu/~george/ay20/eaa-wimps-machos.pdf}"
}
@INPROCEEDINGS {feng,
    author    = "Feng, Jonathan",
    title     = "{WIMP}s: an overview, current constraints and {WIMP}-like extensions",
    booktitle = "The {E}ighth {H}arvard-{S}mithsonian {C}onference on {T}heoretical {A}strophysics",
    year      = "2014",
    note      = "\url{http://www.cfa.harvard.edu/events/2014/sackler/}"
}
@misc{zeynep,
    author = {Zeynep Demiragli (for the CMS Collaboration)},
    title = {{S}hining {L}ight {O}n {D}ark {M}atter with the {CMS} {E}xperiment},
    archivePrefix = "arXiv",
    eprint = {hep-ex/1409.4089},
    primaryClass = "hep-ex",
    note = {arXiv hep-ex/1409.4089}
}
@ARTICLE{begman,
   author = {{Begeman}, K.~G. and {Broeils}, A.~H. and {Sanders}, R.~H.},
    title = "{Extended {R}otation {C}urves of {S}piral {G}alaxies - Dark {H}aloes and {M}odified {D}ynamics}",
  journal = {{M}onthly {N}otices of the {R}oyal {A}stronomical {S}ociety},
 keywords = {Galactic Mass, Galactic Rotation, Mass To Light Ratios, Spiral Galaxies, Dwarf Galaxies, Galactic Structure, Halos},
     year = 1991,
    month = apr,
   volume = 249,
    pages = {523-537},
}
@MISC {queens,
    title = "{CDMS} and {S}uper{CDMS} {E}xperiments",
    note  = "\url{http://cdms.phy.queensu.ca/Public_Docs/SuperCDMS.html}"
}
@misc{ wiki:cdms,
   author = "Wikipedia",
   title = "{C}ryogenic {D}ark {M}atter {S}earch --- {W}ikipedia{,} {T}he {F}ree {E}ncyclopedia",
   year = "2015",
   url = "\url{http://en.wikipedia.org/w/index.php?title=Cryogenic_Dark_Matter_Search&oldid=652802401}",
 }
 @misc{ wiki:xenon,
   author = "Wikipedia",
   title = "{XENON} --- {W}ikipedia{,} {T}he {F}ree {E}ncyclopedia",
   year = "2015",
   url = "\url{http://en.wikipedia.org/w/index.php?title=XENON&oldid=651655434}",
 }

% list of papers here: http://xenon.physik.uni-mainz.de/dmReview.html